

@article{HalpernK04,
  author    = {Joseph Y. Halpern and
               Daphne Koller},
  title     = {Representation Dependence in Probabilistic Inference},
  journal   = {J. Artif. Intell. Res. (JAIR)},
  volume    = {21},
  year      = {2004},
  pages     = {319-356},
  ee        = {http://dx.doi.org/10.1613/jair.1292},
  bibsource = {DBLP, http://dblp.uni-trier.de}
}


@inproceedings{BacchusGKH92,
  author    = {Fahiem Bacchus and
               Adam J. Grove and
               Daphne Koller and
               Joseph Y. Halpern},
  title     = {From Statistics to Beliefs},
  booktitle = {AAAI},
  year      = {1992},
  pages     = {602-608},
  bibsource = {DBLP, http://dblp.uni-trier.de}
}

@article{BacchusGHK96,
  author    = {Fahiem Bacchus and
               Adam J. Grove and
               Joseph Y. Halpern and
               Daphne Koller},
  title     = {From Statistical Knowledge Bases to Degrees of Belief},
  journal   = {Artif. Intell.},
  volume    = {87},
  number    = {1-2},
  year      = {1996},
  pages     = {75-143},
  ee        = {http://dx.doi.org/10.1016/S0004-3702(96)00003-3},
  bibsource = {DBLP, http://dblp.uni-trier.de}
}

